% Encoding: UTF-8

@Book{Walther,
  title     = {Astronautics: The Physics of Space Flight},
  publisher = {Springer Nature Switzerland AG},
  year      = {2018},
  author    = {Walter,~Ulrich},
    edition = {3},
  pagetotal = {828},
  doi = {10.1007/978-3-319-74373-8},
  address   = {6330 Cham, Switzerland},
  language	= {english},
  langid = {english},
}

@Book{Alemasov,
  title     = {Теория ракетных двигателей},
  publisher = {Машиностроение},
  year      = {1980},
  author    = {Алемасов, В.~Е. and Дрегалин, А.~Ф. and Тишин, А.~П.},
  editor = {Глушко, В.~П.},
  edition = {3},
  pagetotal = {533},
  address   = {М.},
  language	= {russian},
  langid = {russian},
}

@Book{Sutton,
  title     = {Rocket Propulsion Elements: an introduction to the engineering of rockets},
  publisher = {John Wiley \& Sons, Inc.},
  year      = {2001},
  author    = {Sutton,G.~P. and Biblarz, Oscar},
    edition = {7},
  pagetotal = {784},
  address   = {New York},
  language	= {english},
  langid = {english},
}

@Book{Sivuhin,
  title     = {Общий курс физики},
  publisher = {Физматлит and Изд-во МФТИ},
  year      = {2005},
  author    = {Сивухин~Д.~В.},
  volume    = {I. Механика},
  pagetotal = {560},
  address   = {М.},
  language	= {russian},
  langid = {russian},
}

@Book{Koroteyev,
  title     = {Ракетные двигатели и энергетические установки на основе ядерного реактора},
  publisher = {Машиностроение},
  year      = {2002},
  author    = {Коротеев,~А.~С. and Пришлецов,~А.~Б. and Мартишин,~В.~М.},
  pagetotal = {432},
  address   = {М.},
  language	= {russian},
  langid = {russian},
}

@Article{Shimizu,
  title                    = {Updated Kinetic Mechanism for High-Pressure Hydrogen Combustion},
  author                   = {Shimizu, K. and  Hibi, A. and  Koshi, M. and  Morii, Y. and  Tsuboi, N.},
  Year                     = {2011},
  journal                  = {Journal of Propulsion and Power},
  volume                   = {27},
  number                   = {2},
  publisher                = {University of Tokyo},
  pages = {383-395},
  doi = {10.2514/1.48553},
  Address                  = {Tokyo},
  language				   = {english},
  langid = {english},
}

@Article{Kitano,
  title                    = {Spinning Detonation and Velocity Deficit in Small Diameter Tubes},
  author                   = {Kitano, S. and Fukao, M. and  Susa, A. and  Tsuboi, N. and  Hayashi, A. K. and Koshi, M.},
  Year                     = {2009},
  journal                  = {Proceedings of the Combustion Institute},
  volume                   = {32},
  number                   = {2},
  publisher                = {Aoyama Gakuin University},
  pages = {2355-2362},
  doi = {10.1016/j.proci.2008.06.119},
  Address                  = {Sagamihara},
  language				   = {english},
  langid = {english},
}

@Book{Dorofeyev,
  title     = {Основы теории тепловых ракетных двигателей. Теория, расчет и проектирование: учебник для авиа- и ракетостроительных специальностей вузов},
  publisher = {Изд-во МГТУ им. Н.~Э.~Баумана},
  year      = {2010},
  author    = {Дорофеев~А.~А.},
  volume    = {2},
  pagetotal = {463},
  address   = {М.},
  language	= {russian},
  langid = {russian},
}

@online{Cantiani,
	title = {Design of a centrifugal pump for an expander cycle rocket engine},
	year = 2015,
	url= {http://oldwww.unibas.it/utenti/bonfiglioli/tesi/tesi_Cantiani.pdf},
	
}

@online{28,
	title = {Species Transport Equations},
	year = 2009,
	url= {http://www.afs.enea.it/project/neptunius/docs/fluent/html/th/node128.htm},
	urldate = {2019-04-08}
}

@online{Panchenko,
	title = {Введение в магнитогидродинамическое (МГД) преобразование энергии},
	year = 2011,
	url= {http://wwwcdl.bmstu.ru/e8/MGD-4/MGD-4.html},
	
}

@online{GuidePBCS,
	title = {ANSYS Theory Guide: Pressure-Based Solver},
	year = 2009,
	url= {https://www.afs.enea.it/project/neptunius/docs/fluent/html/th/node361.htm},
	urldate = {2009-01-23}
}

@online{GuideKEpsilon,
	title = {ANSYS Theory Guide: Realizable $k$- $\epsilon$ Model},
	year = 2009,
	url= {https://www.afs.enea.it/project/neptunius/docs/fluent/html/th/node60.htm},
	urldate = {2009-01-23}
}

@online{GuideRosseland,
	title = {ANSYS Theory Guide: Rosseland Radiation Model Theory},
	year = 2009,
	url= {https://www.afs.enea.it/project/neptunius/docs/fluent/html/th/node113.htm},
	urldate = {2009-01-23}
}

@online{GuideDPM,
	title = {ANSYS Theory Guide: Equations of Motion for Particles},
	year = 2009,
	url= {https://www.afs.enea.it/project/neptunius/docs/fluent/html/th/node241.htm},
	urldate = {2009-01-23}
}

@online{GuideChemistry,
	title = {ANSYS Theory Guide: The Generalized Finite-Rate Formulation for Reaction Modeling},
	year = 2009,
	url= {https://www.afs.enea.it/project/neptunius/docs/fluent/html/th/node129.htm},
	urldate = {2009-01-23}
}

@online{VinciData,
	title = {Vinci engine - Propulsion Solutions for Launchers},
	year = 2020,
	url= {https://www.ariane.group/wp-content/uploads/2020/06/VINCI_2020_04_DS_EN_Eng_Web.pdf},
	urldate = {2020-04-18}
}

@Book{VinciDataDLR,
  title     = {Institute of Space Propulsion: Status Report 2011-2017 - Part 1},
  publisher = {German Aerospace Center, Institute of Space Propulsion, Im Langen Grund},
  year      = {2017},
  author    = {DLR},
    edition = {1},
  pagetotal = {206},
  address   = {Hardthausen},
  language	= {english},
  langid = {english},
}

@Article{MHDG,
  title                    = {Импульсный МГД-генератор нового поколения},
  author                   = {Велихов,~Е. П. and Афонин,~А. Г. and Бутов,~В. Г. and Панченко,~В. П. and Синяев,~С. В. and Солоненко,~В. А. and Швецов,~Г. А. and Якушев,~А. А.},
  Year                     = {2019},
  journal                  = {Доклады Академии Наук},
  volume                   = {486},
  number                   = {2},
  publisher                = {Russian Academy of Sciences},
  pages = {182},
  doi = {10.31857/S0869-56524862178-183},
  Address                  = {M.},
  language				   = {russian},
  langid = {russian},
}

@inproceedings{Previous,
	title                    = {Дослiдження впливу iонiзуючих присадок на високотемпературне горiння у камерi згоряння РРД},
	author                   = {Б.~О.~Макарчук and ~С.~М.~Пономаренко},
	Year                     = {2021},
	booktitle                   = {XIX Всеукраїнська науково-практична конференція студентів, аспірантів та молодих вчених «Теоретичні і прикладні проблеми фізики, математики та інформатики» : матеріали конференції.},
	volume                   = {1},
	number                   = {19},
	publisher                = {КПІ ім. Ігоря Сікорського},
	pages = {78-81},
	url = {https://ela.kpi.ua/handle/123456789/51061},
	Address                  = {Україна, м. Київ},
	language				   = {ukrainian},
	langid = {ukrainian},
}

@online{RD-0120,
	title = {ЖРД РД-0120 (11Д122)},
	year = 2010,
	url= {http://www.lpre.de/kbkha/RD-0120/index.htm#sources},
	urldate = {2023-02-15}
}

@online{PMSG,
	title = {SPC, SPM177 Platforms},
	year = 2023,
	url= {https://ehelix.com/products/spm177-electric-motor/},
	urldate = {2023-05-01}
}

@Book{Astra,
	title     = {Моделирование химических и фазовых равновесий  при высоких температурах (AСTРA.4/pc)},
	publisher = {Московский государственный технический университет им.Н.Э.Баумана},
	year      = {1996},
	author    = {Центр Программных Систем, МГТУ им.Н.Э.Баумана},
	pagetotal = {48},
	address   = {М.},
	language	= {russian},
	langid = {russian},
}

@Book{Dobrovolskiy,
	title     = {Жидкостные ракетные двигатели. Основы проектирования},
	publisher = {Издательство МГТУ им.Н.Э.Баумана},
	year      = {2005},
	author    = {Добровольский,~М.~В.},
	edition = {2},
	pagetotal = {488},
	address   = {М.},
	language	= {russian},
	langid = {russian},
}

@Book{Ovsyannikov,
	title     = {Теория и расчет агрегатов питания жидкостных ракетных двигателей},
	publisher = {Машиностроение},
	year      = {1971},
	author    = {Овсянников,~Б.~В. and Боровский,~Б.~И.},
	edition = {1},
	pagetotal = {540},
	address   = {М.},
	language	= {russian},
	langid = {russian},
}

@Book{Fatuyev,
	title     = {Исследование проблем, связанных с модификацией двигателя РД-120 для первых ступеней ракет-носителей коммерческого назначения},
	publisher = {дис. канд. тех. наук},
	year      = {2003},
	author    = {Фатуев,~И.~Ю.},
	edition = {1},
	pagetotal = {182},
	address   = {М.},
	language	= {russian},
	langid = {russian},
}